
@article{stone1977,
	title = {An Asymptotic Equivalence of Choice of Model by Cross-Validation and Akaike's Criterion},
	author = {Stone, M.},
	year = {1977},
	month = {09},
	date = {1977-09-01},
	journal = {Journal of the Royal Statistical Society Series B: Statistical Methodology},
	pages = {44--47},
	volume = {39},
	number = {1},
	doi = {10.1111/j.2517-6161.1977.tb01603.x},
	url = {https://academic.oup.com/jrsssb/article/39/1/44/7027527},
	langid = {en}
}

@article{hansen2005,
	title = {Challenges for econometric model selection},
	author = {Hansen, Bruce E.},
	year = {2005},
	date = {2005},
	journal = {Econometric Theory},
	pages = {60{\textendash}68},
	volume = {21},
	number = {1},
	url = {https://www.cambridge.org/core/journals/econometric-theory/article/challenges-for-econometric-model-selection/EFC343EBB91A7CD60F9A79B0E9A7903F},
	note = {Publisher: Cambridge University Press}
}

@article{busemeyer2000,
	title = {Model Comparisons and Model Selections Based on Generalization Criterion Methodology},
	author = {Busemeyer, Jerome R and Wang, Yi-Min},
	year = {2000},
	month = {03},
	date = {2000-03},
	journal = {Journal of Mathematical Psychology},
	pages = {171--189},
	volume = {44},
	number = {1},
	doi = {10.1006/jmps.1999.1282},
	url = {https://linkinghub.elsevier.com/retrieve/pii/S0022249699912828},
	langid = {en}
}
